
@article{DBLP:journals/joc/DobraunigEMS21,
  author    = {Christoph Dobraunig and
               Maria Eichlseder and
               Florian Mendel and
               Martin Schl{\"{a}}ffer},
  title     = {{Ascon} v1.2: Lightweight Authenticated Encryption and Hashing},
  journal   = {J. Cryptol.},
  volume    = {34},
  number    = {3},
  pages     = {33},
  year      = {2021},
  doi       = {10.1007/s00145-021-09398-9},
}

